@misc{ITER, title={{\itshape Une énergie pour notre avenir}}, howpublished = {\url{https://www.iter.org/fr/}}, journal={ITER}, author={Iter}, year={2006}, month={Nov}} 


@misc{Becquerel, place={Paris, France}, title={Table g\'en\'erale des comptes rendus des s\'eances de l'Acad\'emie des sciences. \emph{Sur les radiations invisibles émises par les corps phosphorescents}, volumes 122-151, pages 420-421, 501-503}, publisher={Gauthier-Villars}, author={Becquerel, Henri}, year={1896}, pages={420–503}, month={Jan}, howpublished={\url{https://gallica.bnf.fr/ark:/12148/bpt6k30780/}}} 


@misc{EDF, title={{\itshape La Centrale Nucléaire du Tricastin}}, howpublished = {\url{https://www.edf.fr/centrale-nucleaire-tricastin}}, journal={EDF FR}, author={\'Electricité de France}} 


@misc{CEA, title={{\itshape De la recherche à l'industrie}}, howpublished = {\url{https://www.cea.fr/Pages/domaines-recherche/energies.aspx}}, author={Commissariat à l'énergie atomique (CEA)}}}




@misc{greenpeace, title={{\itshape De la recherche à l'industrie}}, howpublished = {\url{https://www.greenpeace.fr/nucleaire-solution-climat/}}, author={GreenPeace}} 


@misc{IAEA, title={{\itshape L'atome pour la paix et le développement.}}, howpublished = {\url{https://www.iaea.org/}}, author={Agence internationale de l'énergie atomique (IAEA)}} 



@misc{curie_museum,
  author = {{Musée Marie Curie}},
  title = {{\itshape 5\up e, Paris, France}},
  howpublished = {\url{https://musee.curie.fr/}}
}



@misc{IRSN, howpublished={\url{https://www.irsn.fr/savoir-comprendre/surete/parc-reacteurs-nucleaires-francais}}, author={Institut de radioprotection et de sûreté nucléaire (IRSN)}}


@misc{RPUE, author={Représentation Permanente de la France auprès de l’Union européenne (RPUE)}, howpublished={\url{https://ue.delegfrance.org/le-nucleaire-aujourd-hui-en-europe}}, title={{\itshape Le nucléaire aujourd'hui en Europe et en France}}}


@misc{Sfen_2023, howpublished={\url{https://www.sfen.org/}}, author={Société française d'énergie nucléaire (SFEN)}, year={2023}, month={Dec}, title={{\itshape Permettre aux esprits curieux de partager de nouvelles idées sur l’énergie nucléaire}}} *




@misc{econ, howpublished={\url{https://www.economie.gouv.fr/france-2030-plan-ambitieux-nucleaire-demain}}, title={{\itshape France 2030 : Un plan ambitieux sur le nucléaire de demain}}, author={Ministère de l'\'Economie}, month={Jun}, year={2023}} 



@misc{Futura, title={{\itshape L'énergie nucléaire au cours de l'Histoire}}, howpublished = {\url{{https://www.futura-sciences.com/sciences/dossiers/physique-energie-nucleaire-a-z-126/page/2/}}}, author={Futura Science}} 




@misc{radioactive_2019,
  title = {{\itshape Radioactive} (Film)},
  year = {2019},
  director = {{Marjane Satrapi}},
  author = {{Rosamund Pike, Sam Riley, Anya Taylor-Joy}},
  production = {{Working Title Films, StudioCanal}},
  release = {{July 11, 2019 (United States)}},
  runtime = {100 minutes},
  genre = {Biography, Drama, Romance},
  language = {English},
  country = {United Kingdom, United States},
  poster = {[Image of film poster of Radioactive (2019)]},
  imdb = {https://www.imdb.com/title/tt8101430/},
  rottentomatoes = {https://www.rottentomatoes.com/m/radioactive_2019},
  metacritic = {https://www.metacritic.com/movie/radioactive-2019},
}
